4146 6420
1154 790 1331 856 ...34-

641 904 772 1000 natum.
797 952 899 1020 quem
922 931 1040 999 videns
1050 930 1214 1000 iohannes
1236 937 1271 1000 et
1293 932 1500 1000 exclamavit
1522 931 1648 1000 dicens.
1664 951 1744 1001 ecce
1759 951 1877 1019 agnus
1889 931 1954 1000 dei

642 1054 681 1135 ut
703 1049 796 1117 nullo
820 1049 921 1117 modo
943 1067 1125 1134 presumas
1147 1067 1273 1134 panem
1288 1054 1323 1116 et
1344 1067 1486 1116 caseum
1508 1047 1614 1115 istum
1638 1050 1863 1117 manducare.
1894 1067 1956 1115 nec

642 1163 789 1232 cluttire.
813 1165 842 1231 si
864 1164 957 1232 istud
981 1165 1072 1252 quod
1096 1163 1157 1231 tibi
1180 1163 1362 1252 obponitur
1385 1163 1554 1231 admisisti
1577 1163 1717 1232 crimen.
1741 1168 1819 1232 Per.
1836 1184 1955 1232 amem

730 1286 824 1363 Tunc
846 1282 964 1367 sinon
987 1280 1168 1367 respuerit:
1192 1285 1297 1369 ponat
1319 1282 1480 1349 sacerdos
1515 1281 1550 1348 in
1574 1301 1612 1350 os
1648 1282 1723 1350 cius
1757 1292 1888 1369 panem
1923 1289 1956 1349 et

642 1417 780 1466 caseum
804 1397 946 1465 dicendo
969 1398 1057 1464 hanc
1080 1396 1282 1465 orationem.

583 1564 589 1571 ·
698 1582 700 1591 ,
732 1513 786 1584 ssr.
808 1517 977 1602 Deprecor
993 1519 1027 1580 te
1042 1512 1178 1581 dominc
1192 1517 1309 1582 sancte
1324 1519 1423 1602 pater
1439 1514 1651 1603 omnipotens
1662 1519 1779 1583 eterne
1789 1516 1882 1583 deus
1898 1514 1957 1602 qui

643 1633 764 1714 ffmj
779 1631 890 1701 celum
906 1629 1042 1698 creasti.
1059 1634 1190 1699 terram
1203 1629 1363 1698 fundasti.
1381 1649 1478 1699 mare
1492 1631 1601 1698 limite
1609 1630 1814 1699 conclusisti
1827 1631 1890 1699 fac
1898 1631 1959 1698 do·

643 1747 733 1819 mine
755 1746 892 1833 signum
917 1747 994 1815 tale.
1019 1752 1058 1814 ut
1081 1746 1191 1815 omnis
1214 1748 1363 1816 mundus
1385 1753 1419 1816 et
1442 1746 1552 1816 omnis
1576 1752 1671 1816 terra
1682 1747 1852 1834 intelligat
1871 1747 1956 1835 quia

643 1871 681 1932 tu
703 1883 740 1932 es
762 1865 847 1931 deus
870 1864 931 1951 qui
953 1862 1039 1932 facis
1061 1862 1232 1933 mirabilia
1256 1863 1358 1931 solus.
1382 1863 1443 1952 qui
1465 1863 1553 1931 vivis
1576 1869 1610 1933 et
1634 1883 1770 1950 regnas.
1793 1862 1839 1951 (1)

557 1982 600 2047 10
734 1981 831 2057 Quod
854 1978 884 2046 si
907 1998 1031 2067 panem
1055 1984 1089 2047 et
1112 1998 1251 2047 caseum
1275 1979 1483 2065 deglutierit:
1507 1981 1624 2048 salvus
1646 1979 1722 2047 erit.
1746 1980 1781 2048 Si
1804 1998 1893 2048 vero
1903 1980 1958 2046 de

643 2095 772 2181 glutire
793 2115 861 2164 non
883 2095 1019 2184 poterit:
1033 2096 1096 2163 rel
1119 2101 1159 2164 ut
1183 2115 1263 2164 reus
1279 2095 1497 2164 iudicabitur.
1514 2116 1582 2165 non
1598 2103 1713 2165 tamen
1730 2098 1774 2166 ad
1791 2102 1955 2165 mortem.

642 2214 702 2280 sed
725 2213 769 2280 ad
791 2211 1024 2299 penitentiam.
1048 2211 1130 2300 quia
1153 2211 1321 2280 dominus.
1334 2231 1400 2280 non
1416 2213 1489 2280 vult
1503 2220 1649 2280 mortem
1666 2212 1872 2300 peccatoris.
1895 2212 1956 2280 sed

642 2334 691 2409 ut
704 2334 927 2396 convertatur
949 2332 983 2396 et
1006 2327 1110 2396 vivat.

708 2579 790 2668 (Dat
812 2581 879 2647 Ms.
902 2579 997 2647 detta
1024 2579 1223 2647 Gattedrate
1243 2579 1285 2647 dt
1305 2578 1489 2667 Palermo)

606 4923 648 4993 (1)
667 4922 718 4979 Nol
736 4923 789 4978 Ms.
807 4924 830 4978 si
849 4925 928 4996 lagga
948 4940 1105 4996 pererrem
1124 4923 1218 4978 <vivit
1236 4929 1264 4979 et
1283 4929 1418 4995 regnat.»
