4146 6420
1139 785 1316 850 ...30-

618 931 714 1000 illum
738 928 946 1017 baptismum
983 948 1044 1016 per
1073 947 1175 1015 quem
1200 933 1233 994 16
1257 922 1474 1013 regeneravit
1496 926 1666 994 sacerdos.
1691 929 1730 992 ut
1752 923 1783 992 si
1797 925 1841 992 de
1863 925 1929 992 hoc

617 1047 745 1115 scelere
767 1048 859 1134 quod
882 1065 944 1114 nos
967 1042 1177 1132 requirimus
1199 1041 1302 1110 scisti.
1328 1046 1388 1110 aut
1412 1032 1538 1107 vidisti.
1555 1046 1616 1108 aut
1639 1039 1758 1107 fecisti.
1775 1043 1837 1107 aut
1851 1058 1929 1127 opo·

619 1169 717 1231 ratus
746 1160 852 1229 fuisti.
885 1166 945 1229 aut
968 1163 1169 1248 cooperator
1191 1157 1344 1226 extitisti.
1368 1163 1429 1225 aut
1462 1156 1497 1223 in
1532 1158 1633 1225 domo
1668 1160 1728 1224 tua
1763 1154 1924 1242 recepisti

618 1284 679 1347 aut
709 1283 955 1346 consentaneus
966 1275 1072 1344 fuisti.
1100 1280 1161 1342 aut
1184 1293 1400 1362 quocumque
1422 1274 1524 1341 modo
1539 1272 1726 1360 culpabilis.
1743 1278 1928 1339 evanescat

550 1396 572 1463 5
617 1414 677 1463 cor
700 1399 809 1462 tuum.
833 1400 867 1461 61
889 1413 956 1462 non
978 1392 1142 1482 suscipiat
1167 1396 1200 1459 te
1223 1410 1315 1479 aqua
1337 1390 1414 1458 ista.
1437 1409 1548 1478 neque
1572 1391 1680 1458 ullum
1719 1388 1928 1456 maleficium

619 1514 767 1595 Q
787 1516 907 1579 contra
936 1510 1047 1598 ipsam
1082 1510 1267 1598 prevaleat.
1292 1509 1351 1575 sed
1375 1507 1611 1576 manifestetur
1627 1507 1663 1574 in
1689 1506 1863 1594 publicum
1892 1504 1928 1572 ni

616 1628 704 1696 forte
720 1646 779 1695 cor
795 1633 894 1695 tuum
909 1626 1139 1694 incrassatum
1161 1629 1203 1693 ed
1226 1625 1427 1693 induratum
1450 1622 1554 1691 fuerit
1576 1623 1729 1711 proferat
1745 1622 1926 1691 confessio

618 1764 696 1812 nem
720 1743 909 1812 emollitum
933 1742 967 1809 in
983 1744 1160 1811 occulto.»

708 1865 751 1928 Et
767 1861 797 1928 si
813 1861 902 1929 aduc
917 1866 1124 1948 perseverat.
1143 1866 1224 1929 tunc
1240 1859 1355 1927 mittat
1370 1878 1449 1927 eum
1465 1859 1625 1928 sacerdos
1639 1859 1675 1927 in
1692 1878 1782 1949 aqua
1799 1857 1926 1927 dicens.

532 1981 575 2048 10
709 1977 762 2048 01.
787 1982 1018 2066 Deprecamur
1041 1981 1075 2046 16
1096 1976 1233 2046 domine
1253 1976 1351 2044 ihesu
1374 1975 1493 2043 christi
1515 1977 1570 2044 fac
1593 1977 1731 2064 signum
1747 1977 1825 2045 tale.
1841 1982 1883 2044 ut
1898 1976 1927 2044 si

620 2095 798 2184 culpabilis
820 2100 872 2163 est
895 2097 997 2164 homo
1018 2094 1083 2162 iste
1105 2096 1299 2163 nullatenus
1322 2094 1511 2182 recipiatur
1545 2095 1588 2162 ab
1621 2097 1687 2163 hac
1721 2113 1823 2182 aqua.
1860 2095 1926 2162 hoc

619 2212 755 2281 domine
777 2212 876 2280 ihesu
899 2212 1025 2280 christe
1048 2212 1102 2280 fac
1133 2213 1177 2280 ad
1199 2212 1336 2280 laudem
1370 2218 1404 2279 61
1427 2210 1584 2297 gloriam.
1616 2217 1650 2278 61
1672 2209 1926 2279 invocationem

617 2329 763 2398 nominis
786 2329 847 2397 tui.
872 2335 910 2398 ut
933 2337 1138 2415 cognoscant
1161 2348 1279 2397 omnes
1302 2329 1384 2417 quia
1409 2336 1447 2397 tu
1470 2349 1507 2396 es
1522 2331 1607 2397 deus
1622 2333 1748 2397 noster.
1766 2328 1827 2417 qui
1843 2347 1924 2396 cum

620 2452 719 2535 patre
741 2450 775 2513 61
799 2445 923 2533 61111111
946 2449 1064 2514 sancto
1087 2444 1184 2513 vivis.

713 2796 863 2866 ludlclum
887 2812 972 2882 aque
996 2794 1163 2866 ferventis

707 2917 744 2981 ln
766 2913 888 3001 primis
909 2912 1175 3001 interrogandus
1197 2919 1249 2982 est
1279 2917 1381 2983 homo
1404 2913 1460 2982 cui
1494 2913 1622 2982 crimen
1657 2914 1856 3003 imponatur
1892 2922 1926 2984 61

619 3030 724 3099 missa
747 3031 949 3099 celebranda
971 3035 1023 3098 est
1045 3035 1079 3097 et
1102 3030 1221 3099 ordine
1258 3030 1346 3099 sicut
1370 3050 1486 3119 supra.
1518 3035 1555 3096 ln
1587 3030 1709 3119 primis
1743 3038 1925 3101 cantentur

529 3149 573 3215 20
618 3150 680 3215 Vll
703 3146 826 3235 psalmi
849 3147 1013 3234 speciales
1037 3167 1115 3214 cum
1139 3146 1275 3215 letania.
1299 3150 1422 3215 Postea
1444 3146 1556 3214 oratio
1578 3149 1640 3213 hec
1662 3147 1805 3216 dicenda
1828 3155 1892 3215 est.

709 3262 764 3332 111.
788 3266 877 3331 Deus
898 3263 1002 3331 iudex
1024 3262 1128 3331 iudex
1151 3263 1240 3330 iuste
1263 3263 1362 3331 fortis
1383 3269 1418 3331 et
1429 3263 1572 3349 patiens.
1589 3263 1649 3351 11111
1665 3271 1786 3332 auctor
1802 3284 1839 3331 es
1854 3283 1924 3332 om-

618 3378 713 3446 nium
726 3385 760 3448 et
773 3379 904 3447 iudicas
916 3379 1114 3467 equitatem.
1127 3379 1242 3447 iudica
1254 3382 1345 3468 quod
1357 3381 1486 3448 iustum
1499 3389 1550 3449 est
1566 3381 1702 3450 domine
1716 3385 1759 3450 de
1781 3385 1846 3451 hac
1875 3404 1923 3451 16.

619 3502 654 3563 61
684 3502 816 3563 rectum
839 3495 1002 3563 iudicium
1028 3504 1126 3564 tuum
1150 3504 1316 3584 appareat
1338 3497 1516 3579 omnibuS‚
1550 3498 1610 3585 qui
1645 3498 1786 3585 respicis
1819 3519 1924 3587 super

619 3616 748 3679 terram
773 3617 806 3678 et
830 3611 915 3679 facis
936 3631 1014 3679 eam
1038 3615 1195 3680 tremere.
1221 3618 1258 3679 tu
1281 3613 1366 3679 deus
1389 3612 1611 3700 omnipotens.
1629 3613 1689 3702 qui
1704 3634 1766 3702 per
1782 3617 1826 3683 ad
1842 3635 1924 3684 ven·

530 3731 574 3797 25
620 3736 692 3797 tum
717 3729 778 3796 filii
801 3729 851 3798 tui
875 3729 1003 3798 domini
1026 3730 1135 3799 nostri
1157 3730 1255 3799 ihesu
1278 3730 1397 3798 christi
1420 3734 1586 3800 mundum
1609 3732 1761 3802 salvasti.
1796 3738 1831 3802 et
1860 3754 1923 3822 1161

619 3845 811 3934 passionem
845 3845 920 3915 eius
952 3866 1062 3932 genus
1077 3848 1267 3915 humanum
1289 3851 1410 3931 Q
1436 3848 1620 3915 redemisti.
1638 3854 1676 3916 tu
1692 3851 1780 3916 hanc
1795 3868 1923 3937 aquam

619 3965 805 4031 ferventem
828 3962 1011 4043 semidea,
1035 3962 1095 4050 qui
1119 3970 1189 4031 tres
1211 3982 1336 4051 pueros
1359 3964 1507 4031 sidrach.
1532 3964 1672 4032 misach.
1707 3970 1741 4032 61
1775 3967 1920 4034 abdena-

619 4096 674 4163 g0.
698 4076 793 4144 iussu
818 4077 911 4163 regis
932 4077 967 4144 in
991 4077 1125 4145 camino
1147 4078 1238 4164 ignis
1260 4078 1382 4146 missos
1406 4098 1549 4146 accensa
1565 4081 1703 4147 fornace
1718 4081 1870 4149 salvasti.
1889 4088 1922 4149 et

618 4193 730 4263 illesos
753 4213 815 4282 per
838 4196 999 4281 angelum
1021 4213 1080 4263 666
1103 4194 1261 4263 eduxisti.
1287 4202 1324 4263 tu
1348 4196 1495 4264 clemens
1518 4195 1712 4265 santissimo
1735 4204 1834 4285 pater
1863 4200 1924 4267 do·

529 4312 573 4378 30
619 4310 768 4381 minator
792 4320 908 4400 presta
932 4319 970 4381 ut
993 4312 1023 4379 si
1046 4312 1206 4381 innocens
1228 4315 1329 4382 homo
1351 4313 1416 4380 iste
1438 4315 1556 4382 exhoc
1575 4313 1923 4403 6661616661111161161

618 4427 805 4517 imponitur
828 4430 911 4498 dum
935 4428 1120 4518 inaquam
1146 4429 1333 4498 ferventem
1369 4449 1510 4497 manum
1546 4429 1688 4498 miserit.
1723 4432 1855 4499 salvam
1889 4438 1922 4499 et

616 4543 748 4612 illesam
770 4545 904 4612 educat.
928 4544 1015 4612 etsi
1038 4545 1216 4633 culpabilis
1238 4551 1299 4614 est.
1324 4550 1428 4633 atque
1450 4546 1663 4614 incrassante
1695 4547 1829 4615 diabolo
1863 4565 1923 4616 661

618 4659 693 4727 61116
716 4658 916 4728 induratum
941 4661 1055 4728 fuerit.
1087 4681 1296 4749 manumque
1330 4682 1429 4730 suam
1464 4663 1601 4731 mittere
1635 4663 1670 4730 in
1704 4665 1768 4732 hoc
1798 4663 1924 4731 iudicio

620 4777 853 4863 presumserit.
878 4776 1065 4845 iustissima
1088 4777 1217 4845 veritas
1239 4779 1417 4846 declarare
1439 4779 1601 4865 dignetur
1625 4786 1684 4847 tua
1718 4777 1752 4845 in
1780 4797 1922 4867 corpore

533 4893 577 4959 35
621 4908 684 4960 suo
707 4899 802 4960 tuam
825 4892 1011 4981 equitatem
1037 4892 1255 4961 manifestam
1278 4913 1362 4963 esse.
1387 4894 1435 4962 ita
1460 4900 1575 4963 tamen
1599 4900 1638 4964 ut
1660 4893 1775 4962 anima
1791 4913 1922 4984 perpe
