4146 6420
1118 837 1295 909 -28.-

591 984 643 1047 est
665 979 780 1065 ysaias
804 983 971 1068 propbeta
994 979 1118 1048 dicens:
1136 980 1275 1057 Querite
1291 980 1466 1049 dominum
1489 982 1572 1050 dum
1595 980 1742 1049 inveniri
1776 988 1907 1070 potest:

592 1094 747 1163 invocate
770 1115 849 1162 eum
873 1098 954 1162 dum
981 1116 1086 1182 prope
1109 1102 1170 1162 est.
1194 1096 1413 1183 Derelinquat
1435 1097 1548 1184 inpius
1571 1096 1645 1183 (stc)
1670 1096 1762 1164 viam
1798 1117 1906 1165 suam

568 1218 624 1303 et
646 1212 700 1277 vir
722 1211 862 1299 iniquus
885 1212 1107 1297 cogitationes
1130 1232 1220 1279 suas.
1245 1219 1279 1279 et
1302 1217 1499 1280 revertatur
1523 1214 1566 1280 ad
1589 1213 1766 1281 dominum
1790 1213 1906 1280 etmi-

592 1328 763 1395 serebitur
784 1328 868 1395 eius.
892 1332 926 1395 et
949 1330 994 1396 ad
1016 1328 1192 1395 dominum
1216 1332 1372 1396 nostrum
1396 1329 1558 1416 quoniam
1589 1330 1736 1396 multum
1766 1334 1818 1396 est
1852 1330 1906 1396 ad

524 1443 546 1509 5
590 1441 845 1528 ignoscendum.
871 1448 904 1514 R.
928 1442 1068 1511 Custodi
1083 1463 1139 1511 me
1161 1444 1307 1512 domine.
1321 1447 1355 1514 v.
1368 1447 1414 1513 De
1425 1445 1524 1513 vultu
1536 1449 1605 1513 tuo.
1622 1444 1777 1545 Alleluia.
1792 1445 1824 1513 ll.
1837 1446 1907 1512 Do-

592 1557 683 1627 mine
705 1559 841 1628 exaudi.

682 1793 865 1865 Secundum
891 1795 1073 1865 lobannsm.

678 1915 716 1978 ln
737 1910 795 1979 illo
818 1916 971 1999 tempore
994 1913 1178 2001 respiciens
1200 1913 1363 1983 iohannes
1385 1914 1420 1982 in
1443 1914 1626 2003 discipulos
1649 1934 1739 1983 suos:
1757 1914 1805 1983 ait
1820 1913 1902 1981 illis,

504 2030 547 2096 10
591 2029 714 2096 habete
737 2028 840 2095 fidem
865 2028 934 2097 Ilei.
952 2032 1061 2096 Amen
1084 2031 1193 2098 Amen
1217 2029 1294 2098 dico
1317 2030 1422 2099 vobis.
1436 2032 1517 2118 quia
1542 2031 1750 2119 quicumque
1772 2031 1905 2100 dixerit

592 2145 672 2214 huic
694 2146 802 2213 monti
826 2146 944 2213 tollere
966 2151 1000 2214 et
1025 2146 1161 2214 mittere
1183 2147 1218 2213 in
1243 2166 1340 2215 mare
1362 2154 1396 2215 et
1418 2167 1485 2215 non
1508 2147 1709 2216 hesitaverit
1731 2147 1767 2214 in
1794 2150 1902 2215 corde

593 2282 666 2331 suo.
689 2264 748 2330 sed
773 2262 966 2330 crediderit.
992 2263 1074 2350 quia
1098 2265 1338 2352 quodcumque
1361 2264 1487 2332 dixerit
1510 2267 1582 2333 flat:
1606 2268 1668 2334 flat
1691 2265 1733 2334 ei.
1756 2269 1904 2353 Propte-

591 2397 650 2446 rea
674 2377 750 2446 dico
773 2377 878 2446 vobis:
902 2378 1016 2447 omnia
1041 2398 1255 2466 quecumque
1279 2385 1417 2447 orantes
1440 2379 1565 2467 petitis.
1590 2381 1719 2450 credite
1741 2381 1824 2469 quia
1839 2401 1902 2448 ac·

590 2493 700 2582 pietis:
724 2500 758 2562 et
781 2494 916 2562 venient
938 2494 1043 2562 vobis.
1068 2494 1131 2564 un.
1156 2498 1203 2563 De
1225 2496 1404 2583 profundis
1427 2497 1584 2564 clamavi.
1609 2500 1679 2565 Sec.
1717 2498 1768 2565 Ab
1802 2496 1899 2565 omni

505 2611 548 2677 15
593 2616 692 2678 reatu
716 2629 778 2678 nos
800 2609 936 2678 domine
958 2616 1058 2678 santa
1081 2630 1148 2698 que
1171 2615 1363 2678 tractamus
1397 2612 1594 2679 absolvant:
1619 2618 1653 2679 et
1686 2615 1806 2680 eadem
1834 2631 1900 2680 nos

592 2726 753 2795 muniant
772 2746 793 2794 a
817 2726 922 2795 totius
944 2726 1128 2814 pravitatis
1150 2732 1184 2794 et
1207 2727 1373 2796 diabolice
1394 2727 1560 2795 illusionis
1583 2727 1735 2795 incursu.
1758 2730 1873 2794 Per.»

592 2846 679 2911 Cum
703 2849 818 2911 autem
843 2845 888 2911 ad
911 2842 1232 2911 communicandum
1256 2848 1396 2911 ventum
1420 2843 1534 2912 fuerit.
1550 2843 1647 2911 Dicat
1663 2846 1824 2912 sacerdos
1839 2845 1902 2912 ho-

591 2957 674 3026 mini
698 2958 753 3026 cui
777 2957 905 3026 crimen
928 2958 1126 3046 imponitur.

682 3076 872 3145 coniuratio
898 3075 1053 3144 bominis:

504 3194 547 3260 20
683 3192 790 3278 iffi}
816 3192 871 3261 llr.
897 3191 1028 3259 Adiuro
1052 3197 1085 3258 te
1107 3193 1209 3259 homo
1231 3195 1270 3259 N.
1287 3212 1348 3279 per
1360 3196 1495 3279 patrem
1511 3199 1545 3258 et
1561 3190 1670 3257 fllium
1686 3196 1720 3257 et
1736 3190 1899 3278 spiritum

592 3312 749 3374 sanctum
772 3312 807 3374 et
829 3326 890 3395 per
914 3311 1068 3374 sanctam
1092 3306 1281 3376 trinitatem
1298 3327 1406 3375 unum
1421 3310 1534 3375 deum.
1551 3313 1585 3374 et
1600 3326 1662 3394 per
1678 3311 1773 3375 tuam
1791 3327 1898 3395 quam

594 3423 774 3513 suscepisti
797 3424 1101 3492 christianitatem.
1125 3429 1159 3493 et
1181 3445 1243 3513 per
1266 3431 1423 3492 sanctum
1448 3424 1677 3509 evangelium.
1700 3429 1734 3492 et
1758 3443 1820 3511 per
1843 3444 1899 3493 re·

593 3540 719 3628 liqulas
741 3560 808 3628 que
831 3539 865 3606 in
889 3539 955 3607 ista
979 3539 1195 3608 continentur
1217 3540 1421 3608 ecclesiast
1436 3560 1503 3610 non
1518 3559 1699 3629 presumas
1714 3540 1784 3609 ullo
1799 3542 1902 3610 modo

599 3656 826 3726 comunicare.
839 3658 1123 3745 nequeaccedere
1135 3658 1180 3725 ad
1191 3659 1312 3725 altare.
1325 3658 1354 3724 si
1367 3663 1401 3725 te
1412 3677 1510 3725 reum
1522 3657 1625 3725 huius
1637 3657 1790 3725 criminis
1801 3657 1878 3726 scis.

507 3777 551 3843 25
688 3776 727 3843 Si
741 3778 866 3862 aumat-
887 3777 1050 3843 tacaertt.
1067 3779 1306 3844 communicet
1318 3795 1401 3843 eum
1416 3775 1580 3844 sacerdos
1595 3775 1757 3844 dicendo:
1769 3778 1904 3863 Corpus

596 3890 725 3960 domini
747 3891 857 3959 nostri
878 3891 976 3959 ihesu
999 3891 1120 3959 christi
1142 3891 1187 3958 sit
1210 3892 1272 3960 tibi
1294 3892 1394 3961 hodie
1417 3895 1461 3959 ad
1485 3890 1808 3979 comprobationem.

685 4009 879 4079 cummunio.
904 4011 1013 4077 Amen
1035 4009 1121 4077 dico.
1145 4011 1232 4077 Post
1249 4028 1337 4077 cont.
1361 4010 1579 4097 Cospirantes
1609 4007 1744 4076 domine
1779 4014 1900 4075 contra

597 4130 655 4193 tue
677 4125 885 4213 plenitudine
911 4131 945 4192 et
979 4126 1235 4192 firmamentum
1272 4124 1471 4193 maiestatis.
1506 4127 1647 4192 dextere
1682 4128 1740 4191 tue
1774 4122 1904 4189 virtuto

596 4251 783 4330 prosterne.
807 4248 847 4310 ut
869 4241 1003 4311 iusticie
1017 4261 1084 4310 non
1106 4241 1301 4310 dominetur
1316 4237 1490 4329 iniquitas:
1507 4243 1566 4309 sed
1582 4241 1751 4309 subdatur
1767 4258 1903 4328 semper

508 4361 552 4425 30
597 4358 729 4427 falsitas
752 4359 900 4428 veritati.
924 4363 1037 4427 Per».

687 4476 831 4562 Expleta
854 4474 959 4543 missa
983 4476 1088 4543 vadat
1110 4475 1271 4543 sacerdos
1294 4475 1338 4542 ad
1361 4474 1473 4542 locum
1497 4472 1554 4542 ubi
1579 4471 1773 4540 faciendum
1788 4475 1841 4538 ost
1855 4469 1905 4538 iu-

597 4590 724 4659 dicium
747 4598 781 4659 et
804 4590 982 4659 benedicat
1005 4609 1143 4679 aquam.
1160 4589 1332 4678 Imprimis
1347 4593 1471 4656 cantet.
1488 4591 1559 4656 Vll.
1576 4588 1726 4676 psalmos
1740 4585 1906 4674 speciales

599 4727 676 4775 cum
701 4705 838 4775 letania.
861 4709 985 4775 Postea
1008 4706 1101 4775 dicat
1123 4708 1212 4774 hanc
1234 4705 1434 4774 orationem.

687 4822 876 4894 contutans
901 4840 994 4910 aquo:

509 4940 553 5007 35
689 4939 856 5009 «Adiuro
880 4945 913 5008 te
935 4958 1027 5029 aqua
1052 4938 1086 5006 in
1108 4937 1245 5008 nomine
1256 4938 1315 5007 Dei
1340 4938 1451 5027 patris
1462 4936 1714 5026 omnipotentis.
1731 4935 1791 5025 qui
1807 4941 1841 5004 te
1870 4932 1907 5002 in
