4196 6374
771 913 948 978 -33-
1062 924 1065 928 ’

160 1062 224 1128 hoc
247 1061 381 1154 1111111
404 1055 593 1125 admiserit.
617 1056 717 1143 panis
739 1056 793 1124 vel
818 1074 938 1124 caseus
959 1053 1024 1122 iste
1047 1055 1164 1123 fauces
1187 1061 1222 1123 et
1242 1060 1388 1141 guttura
1411 1075 1467 1125 eo-

160 1197 239 1245 rum
263 1175 412 1244 transire
434 1193 502 1241 non
524 1173 641 1261 possit.
666 1176 774 1241 Per.»

247 1290 300 1361 ssr.
325 1290 465 1381 Domine
479 1289 577 1357 ihesu
593 1288 721 1356 christe
736 1287 796 1375 qui
810 1286 964 1354 liberasti
980 1305 1119 1373 moysen
1135 1293 1169 1355 et
1185 1307 1293 1356 aaron
1308 1291 1350 1357 de
1367 1293 1462 1357 terra

157 1406 284 1495 egypti.
308 1412 342 1474 et
365 1406 453 1473 filios
475 1404 579 1472 israel
602 1407 645 1473 de
668 1402 758 1471 mari
781 1402 827 1492 (1)
850 1405 966 1472 rubro.
990 1410 1024 1471 et
1058 1411 1196 1491 petrum
1231 1406 1274 1473 de
1307 1406 1463 1474 vinculis.

155 1524 297 1611 paulum
320 1525 363 1590 de
385 1521 553 1589 fluctibus.
578 1521 701 1589 teclam
725 1521 768 1587 de
790 1520 917 1587 bestiis.
941 1540 1127 1588 susannam
1150 1522 1192 1589 de
1208 1521 1294 1590 falso
1311 1522 1463 1592 crimine.
1534 1528 1564 1592 5
1614 1580 1617 1589 .

158 1644 230 1708 tres
252 1658 377 1726 pueros
400 1640 443 1705 de
465 1637 600 1705 camino
621 1636 712 1722 ignis
735 1635 897 1704 ardentis.
920 1637 992 1704 loth
1014 1637 1056 1704 de
1079 1637 1238 1705 sodomis.
1255 1640 1394 1707 ostende
1409 1641 1466 1709 do-

159 1756 250 1823 mine
273 1753 544 1822 misericordiam
568 1759 687 1820 tuam:
713 1756 751 1818 11
782 1751 991 1850 quicumque
1024 1751 1153 1820 crimen
1187 1752 1281 1820 istud
1316 1755 1465 1824 admisit.

158 1872 258 1959 panis
281 1878 315 1938 et
339 1891 460 1940 caseus
469 1870 534 1938 iste
550 1870 667 1938 fauces
682 1874 716 1936 et
731 1874 877 1955 guttura
891 1868 983 1936 illius
1000 1868 1148 1936 transire
1164 1889 1230 1937 non
1246 1871 1362 1958 possit.
1378 1875 1464 1940 Per»

130 1977 134 1982 ’
247 1989 319 2056 ntia
342 2007 393 2056 or.
417 1991 462 2054 Te
483 1987 592 2074 igitur
615 1985 876 2055 clementissime
900 1991 998 2073 pater
1034 2005 1096 2073 per
1130 1986 1263 2053 ihesum
1299 1987 1467 2057 christum

158 2104 268 2172 fflium
292 2109 392 2172 tuum
415 2105 592 2173 dominum
615 2108 772 2172 nostrum
796 2103 966 2191 supplices
1001 2122 1167 2189 rogamus
1190 2108 1224 2171 et
1256 2105 1406 2191 petimus
1429 2113 1467 2173 ut
1513 2110 1556 2176 10

158 2220 316 2289 inhereas
339 2221 476 2307 linguas
498 2220 698 2307 gutturibus
721 2220 870 2288 istorum
892 2221 1079 2287 hominurn.
1104 2220 1164 2307 qui
1187 2222 1251 2288 hoc
1274 2221 1406 2289 furtum
1423 2224 1467 2290 fe

158 2343 288 2404 cerunt.
301 2343 361 2404 aut
374 2342 617 2405 consenserunt
629 2340 668 2404 ut
679 2355 870 2423 numquam
882 2336 1087 2403 manducent
1098 2354 1208 2424 neque
1221 2337 1466 2422 transglutiant

160 2458 357 2521 creaturam
382 2460 478 2520 tuam
501 2472 625 2540 panem
647 2457 682 2520 et
705 2472 844 2520 caseum
866 2451 983 2519 istum.
1008 2458 1047 2519 ut
1070 2451 1180 2519 sciant
1203 2452 1284 2539 quia
1309 2457 1347 2521 tu
1370 2461 1467 2521 eset

159 2587 226 2636 non
249 2572 301 2636 est
325 2567 413 2635 alius
436 2568 521 2634 deus
543 2573 660 2654 preter
684 2573 727 2634 te.
752 2569 891 2635 Summe
913 2568 998 2634 deus
1013 2566 1073 2654 qui
1088 2566 1123 2633 in
1139 2567 1220 2635 celis
1236 2568 1394 2637 moraris
1408 2570 1468 2656 qui

158 2685 263 2752 habes
285 2684 327 2751 ob
352 2682 541 2750 trinitatem
565 2687 599 2748 et
623 2681 838 2750 maiestatem
848 2687 951 2750 ‘tuam
966 2682 1075 2750 iustos
1091 2684 1230 2769 angelos
1246 2689 1332 2752 tuos.
1350 2684 1467 2754 emitte
1513 2689 1556 2756 15

159 2798 296 2867 domine
319 2798 480 2884 angelum
504 2804 602 2865 tuum
625 2797 814 2883 gabrielem
838 2797 898 2884 qui
920 2799 1006 2865 hora
1030 2800 1150 2866 hereat
1182 2801 1382 2885 gutturibus
1417 2822 1469 2871 eo

158 2935 237 2981 rum
261 2914 321 3002 qui
344 2915 408 2981 hoc
431 2914 565 2981 furtum
590 2913 754 2981 fecerunt.
778 2919 817 2981 ut
832 2934 894 2982 nec
910 2914 1117 2982 manducent
1132 2934 1194 2982 nec
1209 2916 1359 3001 glutiant
1375 2938 1467 2986 crea-

159 3035 275 3097 turam
299 3034 396 3098 tuam
418 3050 542 3118 panem
566 3036 600 3098 et
624 3050 762 3099 caseum
796 3031 912 3099 istum.
947 3032 1133 3098 Abraham.
1157 3051 1262 3116 ysaac
1292 3038 1326 3099 et
1359 3033 1466 3105 iacob.

158 3149 306 3232 Q
327 3147 390 3214 hos
412 3146 631 3234 patriarchas
652 3148 773 3214 invoco
799 3166 878 3213 oum
913 3146 1050 3214 milibus
1084 3146 1218 3214 milium
1252 3149 1464 3234 angelorum.

159 3268 290 3332 Invoco.
315 3262 875 3348 1111.0revangelistas.marcum.
899 3265 1101 3331 mattheum.
1139 3263 1264 3331 lucam.
1288 3271 1322 3331 et
1345 3264 1462 3333 iohan-
1504 3269 1550 3334 20

156 3398 245 3447 nem.
270 3382 392 3447 Invoco
415 3397 554 3464 moysen
577 3385 611 3446 et
634 3397 742 3446 aaron
766 3377 826 3465 qui
849 3398 947 3446 mare
969 3377 1170 3447 diviserunt.
1194 3385 1233 3447 ut
1267 3380 1374 3466 ligent
1405 3381 1464 3449 lin-

157 3515 247 3581 guas
267 3493 468 3581 gutturibus
490 3513 609 3562 eorum
634 3493 693 3581 qui
715 3495 780 3562 hoc
803 3494 936 3562 furtum
960 3495 1114 3562 fecerunt
1137 3501 1198 3562 aut
1211 3502 1464 3565 consenserunt.

159 3610 194 3679 Si
216 3612 305 3678 hanc
327 3615 525 3678 creaturam
550 3613 646 3677 tuam
670 3629 794 3696 panem
817 3614 851 3691 et
874 3596 1019 3677 caseum
1036 3609 1262 3696 gustaverint.
1281 3612 1464 3680 tremulent

158 3724 248 3793 sicut
271 3726 374 3793 arbor
398 3725 556 3793 tremula.
579 3730 614 3794 et
645 3724 798 3812 requiem
822 3743 889 3792 non
924 3726 1082 3793 habeant.
1117 3744 1179 3793 100
1214 3726 1407 3814 requiescat
1429 3728 1464 3795 in

157 3840 314 3911 faucibus
336 3861 457 3910 eorum
481 3847 644 3910 creatura
666 3841 765 3929 panis
788 3847 822 3908 et
845 3840 945 3909 casei.
970 3846 1008 3910 ut
1032 3841 1142 3910 sciant
1176 3861 1295 3911 omnes
1317 3844 1399 3932 quia
1423 3848 1462 3913 tu
1511 3847 1559 3915 25

157 3978 195 4026 es
217 3958 302 4026 deus
325 3962 359 4026 et
380 3977 448 4025 non
471 3963 523 4024 est
545 3962 663 4045 preter
686 3963 764 4025 te.»

248 4075 438 4145 coniuratio
470 4075 617 4144 homlnls.

247 4191 378 4260 Adiuro
404 4197 436 4258 te
457 4194 559 4259 homo
580 4211 643 4278 per
666 4191 769 4258 deum
793 4196 928 4278 patrem
952 4192 1216 4280 omnipotentem
1240 4199 1274 4260 et
1297 4213 1358 4281 per
1392 4192 1464 4261 ihe-

157 4328 236 4376 sum
258 4327 467 4376 nazarenum
490 4309 532 4375 de
555 4305 731 4375 altissimis
753 4306 1005 4376 discendentem
1028 4309 1070 4376 de
1093 4308 1218 4395 spiritu
1241 4314 1359 4376 sancto
1383 4328 1462 4377 con-

157 4430 304 4512 ceptum.
328 4443 430 4510 quem
453 4422 586 4509 gabriel
609 4424 837 4509 archangelus
861 4423 1077 4492 annuntiavit
1092 4428 1126 4492 et
1141 4444 1184 4493 ex
1199 4425 1313 4493 maria
1328 4424 1463 4512 virgine
1508 4426 1554 4492 30

244 4908 284 4978 (1)
304 4908 356 4964 Nel
375 4913 445 4963 testo
463 4911 665 4963 erroneamente
683 4904 706 4959 si
733 4904 814 4974 legge
849 4921 990 4958 «manu»
1010 4903 1065 4958 (111.
1092 4903 1223 4967 Zeuma,
1255 4902 1389 4967 Ordines,
1408 4921 1470 4974 pag.
1497 4902 1558 4958 671.

151 5007 200 5060 lin.
219 5005 245 5058 8.

223 5130 399 5187 Lamiam
1467 5125 1486 5180 5
