4196 6374
821 785 997 853 ..31-

217 925 395 995 nitentiam
418 928 581 996 salvetur:
606 933 640 994 et
663 927 692 994 si
716 947 778 1015 per
801 927 938 1015 aliquod
962 926 1178 996 maleficium.
1204 935 1265 995 aut
1281 930 1433 996 herbam.
1450 928 1522 996 sive

217 1063 279 1131 per
301 1043 487 1112 diabolicas
509 1050 602 1112 artes
626 1051 805 1130 peccatum
840 1065 941 1112 suum
977 1047 1066 1113 unde
1101 1045 1307 1112 criminatur
1341 1047 1524 1114 defendere

217 1159 373 1248 voluerit3
398 1165 459 1227 tua
482 1161 625 1226 dextera
649 1161 886 1228 demonstrare
919 1159 1090 1246 dignetur.
1127 1161 1283 1229 Salvator
1314 1161 1434 1228 mundi
1467 1161 1526 1248 qui

218 1296 297 1344 cum
321 1283 430 1365 patre.
1635 1342 1638 1349 .

305 1397 387 1462 Post
409 1397 472 1463 hec
495 1401 599 1482 ponat
622 1414 764 1462 manum
787 1394 822 1461 in
846 1414 937 1482 aqua
960 1394 1035 1481 ipsa
1048 1394 1204 1475 ferventi,
1220 1400 1254 1462 et
1267 1395 1477 1463 abstractam
1494 1395 1523 1462 si
1592 1396 1613 1461 5

99 1526 101 1537 ⁴
216 1509 333 1579 statim
355 1510 521 1579 iudicium
544 1511 764 1580 manifestum
787 1530 853 1579 non
876 1511 990 1579 tuerit.
1014 1510 1208 1579 involvatur
1231 1510 1307 1598 ipsa
1334 1531 1458 1579 manus
1484 1512 1519 1577 in

218 1646 330 1714 panno
354 1630 482 1695 mundo
503 1632 538 1696 et
561 1627 730 1714 sigilletur
753 1648 796 1696 ex
812 1647 891 1697 cera
907 1626 1018 1713 sigillo
1033 1627 1182 1715 episcopi
1198 1632 1259 1695 aut
1280 1627 1521 1696 archidiaconi.

216 1746 298 1811 Post
319 1745 382 1811 hec
404 1762 465 1831 per
490 1743 644 1811 triduum
669 1747 820 1833 lffil
845 1743 982 1811 ieiunet.
1006 1763 1153 1830 pergens
1176 1744 1250 1811 loca
1261 1751 1459 1812 sanctorum
1472 1743 1523 1810 vi-

216 1859 351 1927 sitando
362 1860 527 1928 orationis
541 1860 667 1947 gratia.
684 1859 852 1928 auxilium
868 1861 911 1927 de
926 1859 1063 1928 domino
1078 1859 1291 1946 postulando.
1309 1859 1430 1947 Sicque
1442 1866 1518 1947 post

131 2028 136 2045 ,
217 1976 381 2043 triduum.
407 1982 602 2045 revertatur
625 1977 683 2045 ubi
705 1977 737 2045 ei
761 1977 874 2045 fuerat
897 1977 1116 2065 imperatum.
1139 1982 1174 2045 et
1197 1983 1312 2045 amoto
1334 1975 1445 2062 sigillo
1457 1976 1523 2062 epi·
1568 1977 1611 2044 10

153 2144 156 2153 .
216 2093 309 2180 scopi
331 2093 534 2181 inspiciatur
557 2114 680 2163 manus
703 2115 782 2162 cum
806 2095 957 2163 brachio.
982 2101 1016 2163 et
1039 2094 1068 2162 si
1091 2114 1196 2164 sanus
1229 2094 1386 2162 inventus
1417 2093 1521 2160 tuerit

216 2215 343 2294 agatur
365 2210 499 2295 gratias
521 2213 594 2278 deo.
618 2211 652 2278 Si
678 2217 793 2278 autem
817 2210 1003 2297 culpabilis.
1028 2229 1096 2278 non
1111 2209 1341 2277 interficiatur
1356 2209 1445 2276 sicut
1461 2211 1521 2276 do-

216 2324 330 2393 minus
352 2346 414 2413 per
436 2329 640 2414 prophetam
663 2326 755 2393 dicit.
779 2328 856 2395 nolo
880 2331 1027 2394 mortem
1050 2325 1250 2413 peccatoris
1267 2330 1302 2392 et
1321 2331 1445 2393 cetera.
1463 2327 1522 2392 sed

216 2441 295 2509 talis
309 2442 342 2511 ei
356 2442 558 2529 iniungatur
573 2442 760 2531 penitentia
775 2447 814 2512 ut
830 2442 999 2511 sustinere
1015 2443 1138 2511 valeat.
1151 2448 1185 2510 et
1197 2441 1232 2508 in
1247 2440 1519 2530 desperationem

216 2575 283 2625 non
306 2559 417 2626 cadat.
1568 2555 1611 2622 15

304 2907 457 2977 indictum
481 2907 566 2977 terri
591 2906 697 2977 calidi.

301 3028 437 3112 Agatur
458 3026 494 3093 in
517 3025 638 3114 primis
660 3024 886 3111 interrogatio
908 3029 942 3092 et
964 3024 1069 3092 missa
1093 3024 1181 3091 sicut
1204 3043 1321 3111 supra.
1344 3026 1426 3090 Post
1454 3023 1517 3089 hec

214 3143 435 3212 benedicatur
456 3143 556 3229 ignis.
1298 3226 1300 3237 Ι
1566 3141 1610 3206 20

101 3254 103 3259 ’
304 3259 358 3328 or.
382 3257 521 3327 Domine
544 3266 660 3327 sancte
683 3263 782 3346 pater
805 3258 1019 3346 omnipotens
1040 3262 1157 3325 eterne
1180 3259 1274 3324 deus
1298 3259 1388 3344 quod
1412 3255 1447 3323 in
1464 3275 1521 3324 no

215 3375 306 3443 mine
329 3380 389 3459 tuo
412 3381 446 3444 et
468 3374 530 3441 filii
553 3375 604 3442 tui
627 3375 681 3443 dei
705 3395 746 3443 ac
769 3374 897 3443 domini
919 3373 1028 3442 nostri
1051 3374 1149 3442 ihesu
1172 3372 1291 3440 christi
1314 3377 1349 3440 et
1379 3372 1522 3460 spiritus

214 3492 324 3561 sancti
346 3491 577 3560 benedicimus
599 3498 633 3559 et
656 3491 912 3560 sanctificamus
942 3491 1058 3576 ignem
1092 3491 1193 3559 hunc.
1217 3490 1343 3558 adiuva
1366 3509 1438 3558 nos
1461 3489 1521 3577 qui

214 3608 312 3677 vivis.
771 3662 773 3667 .

279 3729 402 3795 Postea
427 3730 618 3794 cantentur.
642 3728 785 3794 VILtem
807 3724 933 3813 psalmi
956 3723 1120 3812 speciales
1143 3744 1221 3792 cum
1244 3724 1382 3794 letania.
1398 3728 1521 3792 Postea
1566 3723 1610 3791 25

214 3842 396 3912 orationes.

302 3960 357 4029 llr.
383 3963 472 4028 Deus
496 3959 556 4048 qui
579 3958 690 4028 tribus
712 3959 829 4047 pueris
863 3958 1032 4046 mitigasti
1065 3961 1222 4029 dammas
1255 3959 1346 4046 ignis
1375 3960 1520 4028 concede

213 4076 403 4166 propitius:
428 4080 467 4145 ut
490 4096 552 4145 nos
574 4076 721 4144 famulos
744 4082 822 4144 tuos
844 4095 911 4157 non
934 4082 1059 4144 exurat
1075 4077 1213 4145 damma
1237 4076 1412 4144 vitiorum.
1428 4080 1505 4144 Per.

303 4194 358 4263 or.
382 4197 472 4262 Deus
494 4214 555 4282 per
579 4213 681 4281 quem
704 4192 819 4261 omnia
842 4193 1100 4260 benedicuntur.
1113 4212 1216 4279 quem
1236 4192 1298 4260 celi
1315 4191 1518 4278 glorificant.

212 4329 400 4397 quesumus
423 4314 457 4376 te
479 4312 626 4377 orantes,
652 4313 690 4374 ut
712 4306 801 4375 sicut
825 4313 895 4373 tres
911 4326 1036 4394 pueros
1051 4307 1094 4373 de
1110 4306 1245 4375 camino
1260 4306 1350 4393 ignis
1366 4307 1518 4374 ardentis
1566 4307 1610 4373 30
1697 4400 1699 4403 Ι

212 4446 278 4495 non
302 4426 413 4494 solum
437 4425 558 4493 illesos.
583 4423 770 4492 sedetiam
793 4423 828 4490 in
852 4422 921 4489 tuis
936 4423 1095 4490 laudibus
1111 4414 1342 4491 exclamantes
1357 4422 1519 4490 liberasti.

210 4541 258 4610 ita
281 4547 315 4610 et
337 4561 398 4610 nos
421 4546 620 4629 pecatorum
651 4539 795 4608 nexibus
829 4538 1002 4606 absolutos
1032 4557 1053 4606 a
1083 4539 1249 4624 voragine
1282 4537 1373 4625 ignis
1407 4537 1516 4605 eterni

212 4676 325 4725 eruas.
335 4662 374 4724 ut
384 4659 467 4725 dum
481 4661 514 4724 te
525 4655 701 4724 domiuum
714 4657 815 4722 deum
828 4661 962 4742 patrem
978 4658 1078 4744 yffi
1089 4654 1320 4723 benedicimus
1327 4655 1519 4723 laudamus.

213 4772 395 4841 criminum
408 4774 565 4841 flammas
579 4776 614 4840 et
629 4789 772 4858 operum
789 4769 979 4838 carnalium
995 4769 1152 4839 incendia
1163 4774 1519 4860 superantesymnum

214 4886 275 4956 tibi
297 4887 450 4957 debitum
473 4905 609 4975 semper
630 4887 816 4955 decantare
839 4886 1028 4954 valeamus.
1050 4888 1128 4954 Per.
1564 4883 1608 4950 35
