4196 6374
832 769 1008 837 ‚29-

220 913 386 1001 principio
411 912 541 981 creavit
563 917 598 979 et
620 918 653 979 16
676 911 776 979 iussit
798 911 977 998 segregari
993 912 1036 979 ab
1052 911 1152 999 aquis
1167 904 1411 1000 superioribus.
1429 914 1526 983 adiu·

223 1050 263 1099 ro
286 1036 320 1098 te
343 1029 447 1096 etiam
470 1049 532 1117 per
555 1028 724 1096 ineffabile
739 1047 862 1095 nomen
877 1027 1004 1095 Christi
1019 1027 1116 1095 ihesu
1129 1027 1190 1094 filii
1205 1028 1260 1095 dei
1276 1029 1525 1117 omnipotentis.

223 1147 287 1214 suh
299 1146 398 1213 cuius
410 1146 538 1213 virtute
550 1146 716 1213 elementa
729 1164 900 1232 aquarum
913 1164 950 1212 se
962 1144 1139 1212 calcabilia
1157 1146 1378 1233 prebuerunt.
1391 1149 1526 1230 Q

221 1261 281 1349 qui
304 1262 409 1330 etiam
433 1261 601 1350 baptizari
623 1261 658 1328 in
682 1281 852 1348 aquarum
877 1262 1043 1329 elemento
1066 1260 1182 1329 voluit.
1207 1261 1339 1329 Adiuro
1362 1266 1395 1330 te
1419 1262 1523 1329 etiam

221 1398 283 1466 per
305 1376 465 1465 spiritum
489 1382 646 1449 sanctum
671 1376 730 1464 qui
754 1396 857 1463 super
880 1374 1091 1462 baptizatum
1126 1374 1302 1443 dominum
1338 1374 1522 1444 descendit.
1590 1376 1612 1442 5

227 1493 359 1562 Adiuro
384 1499 416 1562 te
438 1512 501 1581 per
523 1512 646 1562 nomen
669 1499 787 1562 sancte
809 1498 843 1560 61
866 1492 1041 1559 individue
1064 1490 1238 1560 trinitatis.
1264 1496 1299 1560 et
1320 1511 1382 1580 per
1404 1511 1527 1560 nomen

222 1609 313 1677 illius
337 1609 436 1678 cuius
458 1610 633 1678 voluntate
656 1629 828 1697 aquarum
851 1611 1018 1677 elementa
1040 1608 1150 1677 divisa
1166 1615 1256 1677 sunt.
1269 1608 1400 1677 Adiuro
1416 1613 1450 1677 te
1464 1628 1527 1696 per

222 1723 414 1811 apostolum
437 1729 595 1792 sanctum
619 1723 674 1792 dei
698 1723 757 1811 qui
780 1723 879 1791 siccis
901 1723 1116 1811 pedihusper
1133 1729 1166 1791 te
1189 1722 1343 1809 vestigiis
1367 1722 1527 1791 transivit

218 1840 328 1909 divisa
351 1861 398 1908 es.
421 1840 553 1909 Adiuro
577 1847 610 1909 te
633 1860 695 1928 per
706 1840 853 1909 nominis
875 1840 967 1908 illius
990 1839 1249 1909 invocationem.
1285 1840 1383 1909 cuius
1413 1839 1521 1908 helias

218 1958 349 2026 ferrum
373 1960 464 2046 quod
487 1960 530 2026 de
552 1958 733 2027 manubrio
756 1957 888 2026 exierat
910 1956 1134 2025 natarefecit.
1152 1963 1191 2025 ut
1206 1958 1298 2025 nullo
1315 1959 1415 2026 modo
1430 1959 1521 2026 hunc
1568 1959 1611 2024 10

221 2074 392 2142 hominem
417 2042 594 2162 sulcipias.
618 2074 705 2141 siin
730 2075 845 2162 aliquo
868 2094 910 2142 ex
932 2075 996 2141 hoc
1019 2074 1110 2142 facto
1133 2078 1184 2141 est
1220 2072 1397 2161 culpabilis
1431 2075 1522 2160 quod

220 2190 268 2257 illi
291 2191 448 2259 obicitur.
473 2191 600 2258 scilicet
625 2199 686 2259 aut
708 2210 770 2279 per
793 2210 880 2278 opus
903 2196 964 2258 aut
987 2210 1049 2278 per
1078 2209 1296 2258 consensum.
1332 2190 1385 2257 vel
1419 2189 1527 2258 scieu-

222 2307 314 2375 liam.
332 2312 392 2375 aut
408 2327 470 2395 per
486 2308 593 2375 ullum
616 2307 804 2393 ingenium.
818 2308 881 2375 Sed
905 2306 960 2373 fac
982 2307 1065 2373 illud
1081 2313 1203 2374 natare
1216 2308 1362 2394 desuper
1378 2313 1417 2373 ut
1433 2306 1525 2373 nulla

218 2425 325 2514 possit
341 2443 415 2492 esse
431 2429 550 2492 contra
574 2430 606 2492 te
630 2445 745 2493 causa.
770 2425 805 2492 in
829 2424 944 2511 aliquo
967 2424 1068 2491 facto.
1093 2430 1154 2491 aut
1176 2424 1270 2491 nulla
1301 2421 1525 2510 prestigiatio.

219 2560 287 2628 qua
311 2539 380 2608 illic
395 2540 501 2628 possit
517 2541 692 2609 occultari.
717 2541 848 2610 Adiuro
873 2547 907 2608 te
929 2542 1033 2609 etiam
1053 2540 1225 2629 perillum
1242 2559 1344 2627 quem
1361 2538 1524 2606 cherubin
1571 2540 1614 2605 15

217 2662 251 2724 et
267 2656 427 2744 seraphin
442 2657 584 2725 laudant
607 2657 767 2726 dicentes.
791 2661 935 2726 Sanctus
958 2661 1098 2725 sanctus
1112 2662 1252 2724 sanctus
1268 2655 1426 2741 dominus
1441 2658 1525 2723 deus
1663 2655 1666 2661 '

217 2771 431 2840 exercituum
455 2775 540 2840 deus
562 2772 675 2841 israel.
699 2773 759 2862 qui
782 2773 886 2842 etiam
911 2780 1033 2860 regnat
1056 2777 1090 2841 et
1102 2772 1299 2841 dominatur
1313 2791 1375 2859 per
1390 2771 1524 2840 infinita

219 2890 334 2956 secula
350 2889 542 2958 seculorum
567 2909 667 2957 amen
682 2912 714 2956 1.

303 3008 489 3093 Postquam
514 3006 694 3074 coniurata
716 3007 820 3074 fuerit
844 3027 946 3095 aqua,
969 3007 1160 3095 expolietur
1182 3006 1393 3074 vestimentis
1416 3008 1518 3074 homo

215 3127 249 3190 et
271 3122 444 3190 osculetur
467 3123 682 3209 evangelium
705 3129 862 3191 sanctum
885 3129 919 3191 et
943 3144 1081 3192 crucem
1105 3123 1225 3191 christi
1246 3129 1280 3192 et
1315 3129 1522 3211 aspergatur
1567 3123 1611 3189 20

218 3259 323 3327 super
345 3259 423 3307 eum
448 3259 540 3327 aqua
563 3240 638 3327 ipsa
661 3242 838 3309 benedicta
853 3243 906 3308 vel
918 3243 960 3309 de
975 3242 1051 3330 ipsa
1066 3244 1168 3309 detur
1183 3241 1215 3309 ei
1230 3241 1345 3309 bibere
1361 3246 1394 3308 et
1409 3240 1524 3307 dicant

216 3358 304 3424 hanc
328 3358 495 3424 adversus
517 3376 597 3424 eum
621 3358 781 3424 sacerdos
805 3357 1085 3426 coniurationem.

305 3472 494 3541 Coniuratlo
519 3474 667 3541 hominis.
1293 3477 1417 3558 [τῇ

306 3588 438 3657 Adiuro
462 3594 495 3655 te
517 3591 629 3657 homo.
652 3593 690 3657 N.
714 3610 776 3677 per
791 3590 1039 3659 invocationem
1055 3590 1184 3659 domini
1198 3590 1307 3659 nostri
1323 3591 1420 3658 ihesu
1436 3590 1522 3659 chri-

216 3704 261 3770 sti
284 3710 318 3771 et
341 3725 402 3792 per
425 3704 518 3773 istud
540 3706 705 3773 iudicium
730 3727 820 3795 aque
843 3707 976 3793 frigide.
994 3707 1126 3777 Adiuro
1142 3715 1175 3776 16
1191 3711 1293 3776 homo
1309 3728 1371 3796 per
1386 3713 1521 3795 patrem
1568 3709 1612 3775 25

217 3829 251 3889 61
275 3822 385 3890 filium
409 3831 442 3891 et
465 3823 626 3911 spiritum
650 3831 787 3891 santum
812 3829 846 3893 et
877 3844 938 3911 per
973 3831 1129 3893 sanctam
1164 3825 1364 3894 trinitatem.
1392 3826 1527 3912 insepa-

218 3939 371 4007 rabilem.
395 3946 430 4008 et
451 3961 513 4029 per
536 3941 712 4009 dominum
735 3948 891 4011 nostrum
915 3942 1047 4011 ihesum
1072 3943 1249 4011 christum.
1274 3948 1308 4011 61
1330 3964 1393 4031 per
1408 3962 1526 4012 omnes

219 4057 358 4141 angelos
380 4060 414 4125 et
437 4058 671 4143 archangelos.
694 4065 728 4125 et
751 4079 813 4147 per
835 4067 971 4127 sanctos
995 4061 1165 4149 apostolos
1180 4067 1215 4128 et
1226 4081 1288 4147 per
1304 4080 1421 4129 omnes
1433 4080 1525 4128 mar-

221 4172 313 4240 lires.
330 4178 364 4240 et
381 4175 600 4242 confessores.
628 4182 662 4243 et
693 4176 844 4263 virgines
866 4184 900 4244 et
924 4197 986 4265 per
1009 4177 1124 4247 omnia
1147 4178 1287 4265 agmina
1311 4178 1457 4247 celestia.
1491 4184 1525 4246 et

219 4309 280 4377 per
303 4289 393 4357 diem
418 4292 585 4359 tremendi
608 4292 725 4361 iudicii
740 4300 775 4362 et
789 4315 851 4383 per
874 4294 996 4382 viginti
1018 4299 1111 4362 IIII⁰r
1134 4295 1294 4364 seniores.
1319 4294 1379 4383 qui
1402 4293 1524 4364 cotidie
1569 4297 1613 4361 30

215 4405 318 4473 deum
341 4407 492 4474 laudant.
509 4414 543 4474 et
570 4429 632 4496 per
656 4413 740 4476 IIII⁰r
764 4411 1002 4497 evangelistas.
1038 4412 1239 4479 mattheum.
1276 4431 1443 4479 marcum.
1477 4412 1526 4479 lu·

218 4542 304 4590 cam.
333 4530 367 4590 et
389 4523 580 4592 iohannem.
597 4530 631 4592 et
649 4546 711 4613 per
727 4530 913 4614 prophetas
932 4535 965 4595 et
981 4548 1043 4615 per
1058 4527 1172 4596 omnia
1189 4527 1379 4615 patrocinia
1396 4535 1526 4597 sancto

218 4659 306 4706 rum.
343 4639 474 4708 Adiuro
497 4648 531 4707 te
554 4661 616 4728 per
641 4648 711 4709 tres
734 4663 869 4729 pueros.
893 4644 1007 4712 sidrac
1041 4644 1180 4713 misaac.
1204 4651 1238 4713 61
1269 4646 1455 4730 abdenago.
1490 4651 1525 4712 et

218 4776 279 4844 per
302 4762 449 4823 centum.
476 4761 624 4825 XLlIlIor
660 4759 754 4827 milia
778 4761 837 4847 qui
860 4760 953 4848 passi
976 4768 1056 4828 sunt
1082 4780 1145 4848 pro
1168 4761 1287 4829 christi
1309 4761 1454 4830 nomine.
1489 4768 1524 4829 61

219 4891 279 4961 per
303 4877 458 4940 sanctam
483 4873 630 4942 mariam
654 4879 801 4943 matrem
824 4875 953 4944 domini
976 4877 1084 4946 nostri
1118 4877 1216 4946 ihesu
1251 4877 1379 4945 christi.
1403 4883 1437 4946 et
1461 4899 1522 4968 per
1567 4880 1611 4946 35
