4196 6374
244 912 1614 965 uun!utuutuuuururuuururumuurulutut1uuufflfflunuufflfflffluufflrfflfflffluufflmmmssfflufflssriuuffluuuuuutu

233 2478 319 2549 ordo
339 2477 452 2566 judicit
476 2495 560 2565 aquo
584 2475 705 2563 ntum
729 2479 764 2547 ot
788 2475 905 2561 calide,
929 2473 1024 2561 panis
1049 2475 1083 2543 et
1100 2470 1206 2542 casei.
1230 2469 1378 2557 inprimis
1414 2468 1535 2557 iffi!

323 2594 435 2683 incipit
456 2594 607 2682 judicium
632 2610 716 2679 aque
739 2590 868 2678 oratu.

318 2901 352 2970 Si
376 2901 453 2991 quis
475 2922 519 2969 ex
543 2902 647 2982 furto,
670 2899 863 2981 homicidio,
887 2898 1066 2967 adulterio.
1102 2895 1335 2966 fornicatione.
1372 2895 1423 2963 vel
1454 2914 1536 2982 qua·

231 3016 391 3106 licunque
424 3016 631 3103 gravissimo
654 3021 837 3085 accusatus
867 3015 972 3084 fuerit
1002 3015 1124 3083 delicto
1148 3019 1182 3081 et
1211 3013 1322 3101 ipsam
1354 3012 1537 3100 repudiare

231 3134 377 3203 voluerit
399 3134 661 3203 accusationem.
686 3138 767 3201 tunc
790 3134 926 3202 iubente
953 3133 1110 3221 episcopo
1125 3132 1179 3198 vel
1194 3129 1444 3199 archidiacono:
1460 3148 1538 3215 pre-

232 3250 337 3317 sbiter
360 3270 444 3318 suus
466 3251 571 3318 ducat
594 3269 673 3318 eum
689 3249 724 3315 in
740 3248 893 3317 ecclesia.
910 3253 944 3316 et
960 3252 1200 3317 ammoneatur
1216 3248 1259 3315 ab
1274 3245 1341 3313 iilo:
1373 3244 1536 3332 quatinus

234 3365 264 3432 si
287 3366 425 3454 aliquod
448 3366 480 3434 ei
495 3366 753 3454 improperatur
765 3369 856 3454 quod
868 3365 1039 3435 commisit
1054 3364 1227 3432 delictum:
1243 3363 1419 3431 humiliter
1435 3363 1539 3430 confi-

234 3488 358 3551 teatur.
372 3485 469 3561 Quod
492 3483 522 3550 si
544 3483 700 3552 confiteri
722 3483 880 3552 noluerit.
903 3488 937 3550 et
962 3485 1033 3551 tale
1052 3482 1156 3551 fuerit
1169 3483 1339 3569 quodnon
1362 3483 1537 3547 mereatur

233 3598 336 3667 credi.
350 3605 431 3668 tunc
439 3601 599 3668 sacerdos
612 3599 751 3667 missam
763 3619 827 3687 pro
839 3619 879 3668 eo
888 3601 1043 3667 celebret.
1053 3598 1216 3686 quatinus
1224 3601 1313 3666 Deus
1324 3595 1537 3684 omnipotens

233 3736 292 3785 cor
314 3716 388 3785 eius
410 3719 457 3786 ad
480 3716 702 3805 penitentiam
725 3722 760 3785 et
783 3716 1026 3786 confessionem
1049 3716 1199 3784 emolliat
1223 3721 1283 3783 aut
1295 3714 1324 3782 si
1336 3714 1536 3783 induratum
1583 3716 1626 3782 10

233 3841 284 3903 est
307 3854 366 3903 cor
389 3834 463 3904 eius
485 3840 518 3901 et
543 3833 652 3902 scindi
664 3834 709 3901 ad
724 3832 946 3921 penitentiam
962 3852 1029 3901 non
1045 3837 1166 3920 potest:
1184 3837 1223 3900 ut
1237 3831 1310 3919 ipse
1326 3835 1414 3899 Deus
1429 3829 1538 3899 omni-

233 3958 352 4038 potens
375 3970 437 4038 per
459 3948 624 4017 iudicium
641 3969 743 4016 suum
759 3951 851 4036 quod
867 3948 1061 4017 faciendum
1077 3954 1129 4015 est
1144 3968 1206 4035 per
1222 3967 1349 4035 aquam
1373 3946 1536 4033 frigidam

232 4065 413 4133 veritatem
436 4065 586 4153 pandere
609 4064 787 4151 dignetur·
815 4063 998 4151 ipsumque
1019 4063 1191 4131 hominem
1226 4067 1421 4131 ammoneat
1443 4061 1534 4129 idem

233 4184 394 4250 sacerdos
417 4185 455 4249 ut
478 4187 640 4269 preparet
662 4200 698 4248 se
722 4182 766 4248 ad
789 4179 1074 4248 comunicandum
1097 4186 1130 4247 et
1154 4178 1329 4247 iudicium.
1346 4183 1380 4246 et
1395 4182 1434 4247 ut
1450 4179 1538 4245 fidu-

233 4296 322 4365 ciam
345 4296 498 4385 aliquam
522 4316 589 4367 non
613 4297 738 4365 habeat
760 4294 1012 4365 incantationis.
1583 4293 1627 4361 15

324 4432 354 4483 a.
378 4418 492 4483 Iustus
514 4434 552 4483 es
574 4414 720 4482 domine.
746 4432 775 4501 p.
800 4414 896 4481 Beati
918 4412 1143 4482 immaculati.

321 4533 456 4615 Incipit
469 4532 587 4598 misso.
612 4530 668 4599 tir.
706 4532 788 4597 «Da
812 4549 1000 4617 quesumus
1034 4529 1247 4617 omnipotens
1280 4531 1369 4595 Deus
1392 4526 1442 4595 sic
1475 4546 1537 4596 nos

233 4652 329 4715 tuam
354 4647 624 4716 misericordiam
648 4646 838 4735 promereri
862 4652 900 4713 ut
922 4652 1058 4714 nostros
1081 4644 1298 4731 corrigamus
1313 4665 1473 4712 excessus
1488 4644 1537 4712 sic

233 4762 470 4832 confitentibus
495 4764 653 4831 relaxare
668 4762 840 4829 delictum.
858 4766 896 4828 ut
913 4763 1156 4828 coherceamus
1170 4760 1206 4826 in
1221 4761 1293 4828 suis
1309 4760 1538 4848 pravitatibus

232 4878 380 4966 tffit
405 4879 601 4948 obstinatos.
626 4883 692 4947 Per
715 4881 791 4946 Lec.
813 4876 909 4963 ysaie
931 4879 1105 4965 prophete.
1129 4880 1166 4943 In
1188 4876 1308 4944 diebus
1322 4875 1389 4942 iuis
1403 4877 1538 4944 locutus
1582 4878 1625 4944 20
