4146 6420
1100 803 1276 868 ..14-

488 964 507 1011 e
528 942 558 1010 si
580 941 777 1045 esaminava
801 944 835 1010 la
859 960 1002 1010 manoe
1025 961 1062 1010 se
1085 942 1282 1029 scorgevasi
1314 962 1400 1013 sana
1422 944 1451 1012 si
1489 946 1684 1013 rendevano
1713 945 1832 1031 grazia
1864 966 1886 1015 a

487 1057 557 1127 Dio.
582 1061 623 1127 Se
645 1056 834 1145 scoprivasi
855 1059 1041 1126 l’aocusato
1064 1058 1243 1146 colpevole,
1267 1078 1333 1127 non
1356 1079 1417 1126 era
1440 1060 1576 1142 ucciso,
1600 1079 1658 1129 ma
1680 1061 1729 1147 gli
1751 1081 1813 1131 era
1835 1062 1884 1129 in·

488 1174 574 1243 flitta
599 1194 668 1243 una
692 1174 868 1262 penitenza
892 1177 954 1242 che
977 1181 1078 1263 potea
1101 1177 1261 1244 tollerare
1282 1176 1338 1263 (1).

489 1585 550 1639 qua.
569 1568 640 1623 Nota
659 1571 723 1640 pero
741 1569 792 1624 che
810 1569 883 1624 nella
901 1586 985 1639 prova
1003 1575 1117 1640 poteano
1135 1586 1185 1624 con
1198 1571 1225 1624 le
1243 1570 1322 1624 corde
1341 1575 1432 1624 tenere
1449 1570 1633 1640 galleggiante
1652 1571 1672 1625 il
1690 1572 1858 1627 credutoreo
1876 1591 1892 1628 e

486 1666 556 1721 farlo
575 1667 750 1731 condennare,
770 1685 785 1722 e
804 1668 937 1723 sollevare
957 1668 1119 1723 l'innocente
1137 1667 1187 1722 che
1205 1685 1251 1723 era
1269 1669 1297 1722 in
1309 1668 1427 1739 pericolo
1438 1669 1465 1722 di
1478 1671 1677 1740 sommergersi.
1692 1670 1836 1742 Raccoglie
1846 1673 1890 1743 poi

486 1766 591 1819 curiose
610 1767 708 1819 notizie
727 1783 774 1836 per
793 1767 887 1831 donne,
905 1769 1030 1830 sorciers,
1049 1767 1153 1836 digiuni
1171 1768 1204 1821 ed
1222 1767 1301 1821 altro.

541 1863 579 1917 La
598 1882 681 1935 prova
700 1866 851 1936 dell'acqua
869 1866 961 1920 fredda
980 1884 1026 1921 era
1045 1884 1178 1921 ammessa
1195 1867 1267 1920 dalle
1285 1867 1471 1922 consuetudini
1489 1867 1516 1920 di
1529 1866 1633 1921 Milano
1645 1867 1688 1921 del
1704 1867 1772 1921 1216
1786 1869 1820 1937 (1.
1833 1868 1890 1938 20)1

485 1962 523 2017 De
543 1963 642 2018 iudicio
660 1982 724 2020 vero
742 1983 831 2035 oqrroe
849 1968 974 2035 frigidae
992 1966 1060 2020 illud
1079 1967 1148 2020 scire
1166 1972 1280 2036 oportet,
1300 1967 1370 2036 qaod
1390 1972 1454 2020 tunc
1472 1967 1580 2021 demam
1599 1967 1711 2020 adillud
1723 1968 1889 2038 pervenitur,

486 2080 549 2117 cum
567 2070 710 2119 accusatus
728 2071 824 2136 popter
842 2072 1029 2136 paupertatem
1048 2083 1168 2137 pugnare
1186 2083 1234 2137 per
1252 2068 1418 2136 campionem
1437 2084 1489 2120 non
1507 2072 1605 2137 potest,
1624 2083 1673 2121 nec
1685 2084 1807 2137 persona,
1821 2084 1891 2137 quae

485 2164 652 2225 convenitur,
671 2164 770 2217 habilis
789 2165 882 2218 estad
901 2165 1082 2235 pugnandum.
1102 2165 1298 2218 ntiudicantis
1324 2171 1366 2219 est
1384 2165 1529 2234 diligenter
1555 2167 1720 2234 investigare
1747 2165 1892 2220 facultates

484 2263 603 2315 accusati
624 2263 772 2316 recusantis
791 2280 908 2333 pugnam
922 2280 969 2333 per
982 2280 1010 2317 se
1025 2262 1068 2317 vel
1081 2280 1129 2333 per
1140 2263 1224 2316 alium
1238 2263 1334 2325 facere,
1347 2264 1370 2316 si
1383 2265 1441 2317 eius
1454 2264 1597 2317 facultates
1615 2264 1664 2317 sol.
1679 2263 1707 2316 C.
1721 2263 1828 2317 valeant
1845 2264 1891 2318 vel

487 2376 550 2421 non;
569 2364 596 2413 et
615 2360 637 2412 si
651 2360 741 2413 minus
759 2359 807 2413 sol.
827 2359 856 2413 C.
875 2360 903 2413 in
920 2360 998 2413 bonis
1015 2358 1105 2419 habet,
1124 2360 1158 2411 ad
1176 2359 1304 2412 iudicium
1324 2360 1490 2430 praedictum
1509 2361 1647 2430 perveniat
1664 2377 1751 2431 aquae
1769 2360 1892 2429 frigidae.

487 2457 532 2510 Fit
549 2463 641 2511 autem
661 2457 789 2511 iudicium
809 2474 895 2528 aquae
906 2457 1018 2526 frigidae
1026 2474 1081 2526 per
1089 2473 1215 2527 puerum
1231 2459 1370 2525 virginem
1388 2458 1544 2527 ligatumet
1559 2460 1699 2528 inaquam
1718 2476 1766 2529 per
1783 2458 1890 2512 cordam

486 2555 635 2608 dimissum.
655 2561 683 2609 et
701 2556 724 2607 si
743 2555 821 2608 illum
840 2571 910 2625 aqua
929 2571 981 2609 non
994 2555 1133 2625 receperit,
1152 2571 1201 2609 nec
1219 2555 1375 2609 submersus
1394 2556 1484 2619 fuerit,
1505 2557 1551 2625 qui
1565 2557 1655 2610 fuerat
1673 2556 1817 2610 adcusatus
1828 2556 1890 2610 sub-

492 2653 611 2706 cumbat.
631 2652 659 2707 Si
678 2669 742 2708 vero
761 2654 840 2707 iilum
858 2671 929 2723 aqua
948 2654 1111 2724 sumpserit,
1131 2659 1158 2707 et
1176 2654 1332 2708 submersus
1350 2654 1441 2717 fuerit,
1461 2655 1601 2709 obtinebit.

538 2750 575 2805 Su
594 2751 620 2804 la
638 2768 721 2822 prova
751 2753 912 2823 dell'acqua
942 2752 1035 2806 froddo
1064 2752 1151 2806 danno
1180 2752 1264 2807 molto
1294 2753 1400 2806 notizie:
1432 2753 1565 2807 Ducaxoe
1599 2753 1781 2822 (1111111111),
1811 2754 1891 2808 Glos-

483 2852 600 2913 sarium,
619 2850 685 2905 odia.
704 2849 788 2914 Paris,
807 2850 894 2913 Niort,
917 2849 992 2914 1883,
1011 2868 1037 2905 v.
1057 2852 1155 2920 Aquae
1171 2851 1296 2920 frigidae
1309 2850 1648 2920 judicium-Trrruaxs
1668 2850 1826 2904 Gescdicbte
1838 2852 1891 2904 der

484 2949 631 3003 deutschen
650 2951 840 3020 Strofgesetre
858 2949 969 3020 Leipzig
987 2936 1509 3020 1832,*pag.138.-on1nn,neutscte
1527 2950 1890 3004 11111111111111111111828

485 3046 525 3100 3⁵.
545 3047 585 3101 ed.
605 3048 751 3119 Gottingen
773 3048 848 3112 1881,
868 3067 929 3119 pag.
948 3047 1506 3112 91911111111111111111.-Η11,1)1111.1111,
1526 3050 1578 3101 Die
1596 3050 1730 3117 purgatio
1758 3050 1890 3100 canonico

483 3147 544 3199 111111
563 3149 694 3216 ardgario,
715 3146 851 3201 Miinchen
873 3147 949 3212 1811,
969 3164 1029 3217 pag.
1051 3146 1187 3201 loa-oo
1207 3147 1285 3209 Bors,
1305 3147 1377 3200 Hist.
1396 3148 1435 3199 du
1455 3147 1531 3199 droit
1554 3148 1749 3200 criminaliter
1772 3149 1889 3216 propter

484 3245 638 3307 modernos,
657 3244 734 3298 Paris
755 3244 830 3307 1851,
851 3251 870 3297 1.
889 3244 907 3307 1,
927 3263 988 3315 pag.
1002 3244 1232 3307 226.-Ζ1111111.,
1247 3243 1888 3313 111111111111111111911111111111,8111131111858,

484 3360 545 3414 pag.
564 3342 785 3397 aaa-orasses
804 3344 875 3397 Hist.
896 3345 935 3395 du
954 3345 1031 3397 droit
1048 3345 1083 3396 dc
1102 3345 1296 3413 l'Anqleterre,
1316 3350 1335 3396 t.
1354 3342 1373 3406 l,
1392 3360 1453 3414 pag.
1481 3341 1543 3395 216.
1555 3342 1736 3405 -81111111,
1755 3343 1827 3395 Hist.
1847 3343 1886 3395 du

485 3444 562 3497 droit
579 3444 614 3496 rte
633 3443 827 3513 l'Allemoqne,
847 3442 924 3496 Paris
945 3442 1021 3506 1882,
1041 3460 1102 3513 pag.
1115 3441 1396 3504 415.-Aaueocnaa,
1409 3443 1565 3495 1111111111
1576 3443 1735 3511 legatarios
1747 3444 1889 3511 mponom,

485 3542 527 3594 2⁸
545 3542 611 3596 edia.
631 3540 736 3595 Madrid
759 3542 834 3605 1881,
854 3560 916 3614 pag.
938 3541 997 3596 119.

537 3640 577 3708 (1)
598 3640 678 3710 Negli
695 3640 797 3695 antichi
820 3640 937 3695 Ordines
955 3641 1103 3711 pubblicati
1121 3640 1286 3696 datarum
1306 3640 1321 3694 1
1348 3641 1491 3711 prescritto
1509 3638 1559 3693 che
1577 3638 1598 3692 il
1617 3638 1755 3693 sacerdote
1768 3658 1784 3690 ‹
1798 3639 1888 3709 signet

484 3736 572 3792 locum
591 3739 618 3790 in
636 3738 706 3791 atrio
724 3739 861 3802 ecclesiae,
881 3740 927 3792 ubi
946 3740 1016 3809 ignis
1034 3739 1092 3793 fieri
1113 3740 1197 3810 possit
1215 3739 1248 3792 ad
1267 3738 1412 3792 caldariam
1437 3737 1667 3808 suspendendam,
1687 3737 1715 3791 in
1743 3754 1797 3807 qua
1815 3754 1887 3807 aqua

483 3836 600 3890 bulliens
626 3836 777 3899 afficiatur,
806 3838 845 3890 ita
863 3843 953 3892 tamen
971 3843 1002 3890 ut
1021 3838 1097 3908 prius
1115 3837 1190 3891 locus
1209 3837 1256 3891 ille
1274 3854 1345 3906 aqua
1364 3836 1503 3891 benedicta
1521 3841 1698 3905 aspergatur,
1723 3852 1772 3889 noc
1790 3851 1843 3889 non
1860 3842 1889 3889 et

483 3951 561 4004 aqua,
580 3951 649 4005 quae
667 3935 695 3988 in
713 3935 830 3988 caldaria
848 3941 898 4000 est,
917 3941 1027 4007 propter
1044 3936 1184 3989 illusiones
1202 3935 1397 3989 demoniacas...
1416 3933 1512 3987 Postea
1532 3949 1595 3988 vero
1614 3934 1688 3986 sumo
1711 3950 1804 4003 myrra
1828 3932 1888 3986 odo·

485 4039 559 4088 retur
576 4039 604 4088 et
623 4035 743 4087 sumetur
761 4033 878 4087 caldaria
896 4035 953 4089 siva
973 4033 1098 4087 urceolus
1117 4040 1172 4086 tarn
1191 4034 1288 4086 subtus
1312 4050 1393 4102 quarn
1413 4037 1441 4086 et
1459 4033 1487 4085 in
1506 4032 1657 4085 circuitu...
1677 4030 1752 4084 Tunc
1780 4031 1889 4086 lavetur

483 4150 578 4187 manus
595 4134 628 4188 do
646 4149 745 4204 sapone
763 4138 791 4187 et
810 4134 858 4185 fiat
876 4133 1009 4187 adiuratio
1036 4132 1137 4187 urceoli
1165 4133 1222 4187 sive
1250 4132 1383 4185 caldariae
1409 4137 1456 4184 ant
1474 4130 1668 4184 immissionem
1686 4147 1809 4183 manus..
1837 4128 1889 4183 Hie

484 4231 576 4283 mittat
594 4248 704 4284 manum
723 4231 867 4301 inaquam
886 4236 913 4285 et
931 4237 1024 4302 postea
1042 4231 1187 4299 sigilletur.
1206 4234 1279 4301 (pag.
1298 4228 1362 4297 609)
1427 4228 1525 4282 Manus
1552 4228 1706 4297 sigilletur,
1725 4229 1777 4281 sub
1796 4227 1888 4297 sigillo

483 4335 607 4383 servetur
625 4334 653 4383 et
671 4335 732 4400 post
752 4335 806 4384 tres
824 4336 916 4384 noctes
933 4331 1079 4401 aperiatur.
1099 4329 1172 4383 Etsi
1192 4330 1307 4382 mundus
1325 4334 1375 4391 est,
1395 4328 1450 4381 Deo
1467 4326 1639 4396 gratulatum
1658 4327 1680 4379 si
1700 4331 1792 4380 autem
1820 4327 1888 4379 insa·

480 4427 539 4480 nies
556 4426 714 4481 crudescens
732 4428 760 4480 in
779 4427 894 4497 vestigio
912 4429 976 4482 terri
1005 4429 1174 4490 inveniatur,
1194 4427 1337 4498 culpabilis
1364 4433 1392 4480 et
1420 4425 1574 4479 immundus
1602 4430 1751 4494 reputetur.
1770 4423 1798 4477 ln
1816 4441 1888 4495 aqua

483 4526 603 4579 servante
621 4525 735 4594 accipiat
754 4523 834 4579 horno
853 4525 986 4596 lapidem,
1006 4527 1052 4595 qui
1071 4542 1120 4597 por
1147 4527 1238 4580 funem
1267 4524 1463 4596 suspendatur,
1482 4523 1509 4577 in
1528 4522 1626 4593 simpla
1654 4522 1811 4593 probatione
1839 4540 1887 4594 por

484 4641 636 4678 mensuram
655 4624 752 4695 palme,
771 4625 798 4678 in
818 4625 899 4696 tripla
917 4632 1007 4680 autern
1028 4626 1108 4679 unius
1126 4626 1198 4679 ulna.
1218 4625 1315 4678 biantis
1337 4640 1401 4677 vero
1429 4623 1566 4691 sigillatur
1592 4626 1620 4675 et
1647 4622 1785 4692 aperiatur
1804 4622 1888 4687 (Ordo

484 4739 552 4777 saec.
571 4721 617 4785 x1,
636 4721 755 4777 stnnn
774 4740 834 4794 pag.
853 4723 1072 4793 715).-Scnum
1085 4741 1152 4793 pop.
1170 4726 1215 4777 cit.
1234 4740 1295 4794 pag.
1315 4722 1376 4782 115,
1391 4721 1516 4776 inserisce
1535 4719 1604 4790 dopo
1617 4719 1643 4773 lo
1662 4720 1735 4789 leggi
1752 4721 1888 4790 anglossa-

484 4822 541 4875 soni
561 4822 586 4876 le
605 4822 727 4889 seguanti
746 4822 933 4892 prescrizioni:
954 4822 992 4876 De
1009 4822 1111 4875 ordalio
1130 4822 1293 4893 precipimus
1312 4824 1339 4876 in
1358 4825 1464 4879 nomine
1493 4825 1539 4878 Dei
1570 4831 1598 4879 et
1616 4828 1759 4894 praecepto
1778 4819 1887 4875 Archia

486 4922 586 4993 pisropi
606 4926 633 4974 ot
652 4921 771 4973 omnium
790 4921 975 4991 opiscoporum
994 4938 1027 4975 no
1045 4921 1146 4991 aliquis
1163 4921 1245 4974 intrat
1264 4921 1405 4975 ecclesiam
1425 4929 1566 4992 postquam
1593 4923 1663 4991 ignis
1675 4922 1799 4981 insertur,
1818 4918 1887 4973 unda

486 5020 614 5076 iudicium
633 5019 750 5075 calefieri
770 5020 858 5083 debet,
878 5026 984 5091 praeter
1003 5020 1234 5092 presbyterumet
1252 5036 1323 5083 eum,
1343 5021 1390 5090 qui
1409 5021 1444 5074 ab
1471 5020 1598 5077 iudicium
1626 5020 1715 5075 iturus
1732 5022 1854 5085 est-3
1874 5016 1887 5070 1
